<record xmlns='http://www.loc.gov/MARC21/slim'><leader>01596cim a22004212u 4500</leader><controlfield tag='001'>3600610</controlfield><controlfield tag='005'>20151214182634.0</controlfield><controlfield tag='007'>ss|lmnjluz|nuu</controlfield><controlfield tag='008'>991101s1988    nyunnn         l    eng d</controlfield><datafield ind1=' ' ind2=' ' tag='035'><subfield code='a'>(NIC)notisASF7675</subfield></datafield><datafield ind1=' ' ind2=' ' tag='035'><subfield code='a'>3600610</subfield></datafield><datafield ind1=' ' ind2=' ' tag='035'><subfield code='a'>(OCoLC)63896319</subfield></datafield><datafield ind1=' ' ind2=' ' tag='040'><subfield code='a'>NIC</subfield><subfield code='c'>NIC</subfield><subfield code='d'>NIC</subfield><subfield code='d'>NIC</subfield></datafield><datafield ind1='1' ind2=' ' tag='100'><subfield code='a'>Piedra, Jose</subfield></datafield><datafield ind1='1' ind2='0' tag='245'><subfield code='a'>Blues on blues</subfield><subfield code='h'>[sound recording]</subfield></datafield><datafield ind1=' ' ind2=' ' tag='260'><subfield code='c'>1988.</subfield></datafield><datafield ind1=' ' ind2=' ' tag='300'><subfield code='a'>1 sound cassette (60 min.) :</subfield><subfield code='b'>analog, mono.</subfield></datafield><datafield ind1=' ' ind2=' ' tag='500'><subfield code='a'>Recorded in Ithaca, NY by Cornell University.</subfield></datafield><datafield ind1=' ' ind2=' ' tag='500'><subfield code='a'>Accompanied by: Notes.</subfield></datafield><datafield ind1=' ' ind2=' ' tag='500'><subfield code='a'>Sponsored by: Society for the Humanities,See CU 2793 for additional sponsors.</subfield></datafield><datafield ind1=' ' ind2=' ' tag='500'><subfield code='a'>Speaker(s): Expert on Afro-Hispanic Studies at Yale University; Fellow of the Society for the Humanities, Cornell.</subfield></datafield><datafield ind1=' ' ind2=' ' tag='518'><subfield code='a'>Lecture, April 29, 1988.</subfield></datafield><datafield ind1=' ' ind2=' ' tag='520'><subfield code='a'>Piedra compares Latin American song with North American blues.</subfield></datafield><datafield ind1=' ' ind2='0' tag='650'><subfield code='a'>Popular music</subfield><subfield code='z'>United States.</subfield></datafield><datafield ind1=' ' ind2='0' tag='650'><subfield code='a'>Music</subfield><subfield code='z'>Latin America.</subfield></datafield><datafield ind1=' ' ind2='0' tag='650'><subfield code='a'>African Americans</subfield><subfield code='x'>Music.</subfield></datafield><datafield ind1=' ' ind2='0' tag='650'><subfield code='a'>Blues (Music)</subfield></datafield><datafield ind1=' ' ind2='7' tag='650'><subfield code='a'>African Americans</subfield><subfield code='2'>fast</subfield><subfield code='0'>(OCoLC)fst00799558</subfield></datafield><datafield ind1=' ' ind2='7' tag='650'><subfield code='a'>Blues (Music)</subfield><subfield code='2'>fast</subfield><subfield code='0'>(OCoLC)fst00835056</subfield></datafield><datafield ind1=' ' ind2='7' tag='650'><subfield code='a'>Music</subfield><subfield code='2'>fast</subfield><subfield code='0'>(OCoLC)fst01030269</subfield></datafield><datafield ind1=' ' ind2='7' tag='650'><subfield code='a'>Popular music</subfield><subfield code='2'>fast</subfield><subfield code='0'>(OCoLC)fst01071422</subfield></datafield><datafield ind1=' ' ind2='7' tag='651'><subfield code='a'>Latin America</subfield><subfield code='2'>fast</subfield><subfield code='0'>(OCoLC)fst01245945</subfield></datafield><datafield ind1=' ' ind2='7' tag='651'><subfield code='a'>United States</subfield><subfield code='2'>fast</subfield><subfield code='0'>(OCoLC)fst01204155</subfield></datafield><datafield ind1=' ' ind2='7' tag='655'><subfield code='a'>Music</subfield><subfield code='2'>fast</subfield><subfield code='0'>(OCoLC)fst01423855</subfield></datafield><datafield ind1=' ' ind2='0' tag='830'><subfield code='a'>Race and class in Latin American popular music.</subfield></datafield><datafield ind1='1' ind2=' ' tag='899'><subfield code='a'>CULectures</subfield></datafield><datafield ind1=' ' ind2=' ' tag='905'><subfield code='a'>20000403120000.0</subfield></datafield><datafield ind1='2' ind2=' ' tag='948'><subfield code='a'>20141221</subfield><subfield code='b'>m</subfield><subfield code='d'>batch</subfield><subfield code='e'>lts</subfield><subfield code='x'>addfast</subfield></datafield></record>